@InProceedings{PNP,
author = {Vittorio Amos Ziparo and Luca Iocchi},
title = {Petri Net Plans},
booktitle = {Fourth International Workshop on Modelling of Objects, Components, and Agents},
year = 2006}	
}

@InProceedings{stanley:gecco02a,
title={Efficient Reinforcement Learning Through Evolving Neural Network Topologies},
author={Kenneth O. Stanley and Risto Miikkulainen},
booktitle={Proceedings of the Genetic and Evolutionary Computation Conference (GECCO-2002)},
address={San Francisco},
publisher={Morgan Kaufmann},
pages={9},
url="http://nn.cs.utexas.edu/?stanley:gecco02b",
year={2002}
}

